% Encoding: UTF-8

@Book{Halliday2014,
  title         = {Principles of physics},
  publisher     = {Wiley},
  year          = {2014},
  author        = {Halliday, David and Resnick, Robert and Walker, Jearl},
  address       = {Hoboken, NJ},
  __markedentry = {[jorn:6]},
  issn          = {9781118230749 1118230744},
  refid         = {882994939},
}

@Comment{jabref-meta: databaseType:bibtex;}

ï»¿% This file was created with JabRef 2.9.2.
% Encoding: UTF8
